%% image interpretation
% logic approach
@incollection{tran2008event,
  title={Event modeling and recognition using markov logic networks},
  author={Tran, Son D. and Davis, Larry S.},
  booktitle={Computer Vision--ECCV 2008},
  pages={610-623},
  year={2008},
  publisher={Springer}
}
@InProceedings{Espinosa07multimedia,
  author = {Espinosa Peraldi, Sofia and  Kaya, Atila and Melzer, Sylvia  and M\"oller, Ralf and Wessel, Michael},
  booktitle = {Proceedings of  DL-2007: International Workshop on Description Logics},
  title = {Multimedia Interpretation as Abduction},
  pages={323-330},
  year = {2007}
}
@article{Jamal13explanatory,
  title = {Explanatory reasoning for image understanding using formal concept analysis and description logics},
  author = {Atif, Jamal and Hudelot, C{\'e}line and  Bloch, Isabelle},
  journal = {IEEE Transactions on Systems, Man and Cybernetics},
  year = {2013}
}
% bayesian method
@incollection{Niko2009evidence,
year={2009},
booktitle={Machine Learning and Data Mining in Pattern Recognition},
series={Lecture Notes in Computer Science},
title={An Evidence-Driven Probabilistic Inference Framework for Semantic Image Understanding},
publisher={Springer Berlin Heidelberg},
author={Nikolopoulos, Spiros and Papadopoulos, Georgios Th. and Kompatsiaris, Ioannis and Patras, Ioannis},
pages={525-539}
}
@article{Luo2005Bayesian,
 author = {Luo, Jiebo and Savakis, Andreas E. and Singhal, Amit},
 title = {A Bayesian network-based framework for semantic image understanding},
 journal = {Pattern Recognition},
 volume = {38},
 year = {2005},
 pages = {919-934},
 publisher = {Elsevier Science Inc.},
 keywords = {Bayesian networks, Domain knowledge, Low-level features, Semantic features, Semantic image understanding},
} 

@INPROCEEDINGS{Singhal2003proba, 
author={Singhal, Amit and Luo, Jiebo and Zhu, Weiyu}, 
booktitle={ IEEE Computer Society Conference on Computer Vision and Pattern Recognition}, 
title={Probabilistic spatial context models for scene content understanding}, 
year={2003}, 
volume={1}, 
pages={235-241}, 
keywords={Bayes methods;image classification;object detection;belief constraint;content-based image retrieval;foliage;grass;individual material detection algorithm;key semantic material type identification;material color;material texture;misclassification reduction;multimedia;probabilistic spatial context modeling;scene content determination;scene content understanding;sky;snow;spatial context-aware material detection system;water;Content based retrieval;Context modeling;Detectors;Humans;Image databases;Image recognition;Image retrieval;Layout;Object detection;Snow}, 
}

% image segmentation and recognition
@article{nempont2013constraint,
  title={A constraint propagation approach to structural model based image segmentation and recognition},
  author={Nempont, Olivier and Atif, Jamal and Bloch, Isabelle},
  journal={Information Sciences},
  volume={246},
  pages={1-27}
  year={2013},
  publisher={Elsevier}
}
@article{fouquier2012sequential,
title = {Sequential model-based segmentation and recognition of image structures driven by visual features and spatial relations },
author = {Fouquier, Geffroy and Atif, Jamal and Bloch, Isabelle},
journal = {Computer Vision and Image Understanding},
volume = {116},
number = {1},
pages = {146 - 165},
year = {2012}

}
% image grammar
@article{tu2013joint,
  author    = {Kewei Tu and
               Meng Meng and
               Mun Wai Lee and
               Tae Eun Choe and
               Song Chun Zhu},
  title     = {Joint Video and Text Parsing for Understanding Events and
               Answering Queries},
  journal   = {CoRR},
  volume    = {abs/1308.6628},
  year      = {2013}
}
@article{zhu2006stochastic,
  title={A Stochastic Grammar of Images},
  author={Zhu, Song-Chun and Mumford, David},
  journal={Foundations and Trends{\textregistered} in Computer Graphics and Vision},
  volume={2},
  number={4},
  pages={259-362},
  year={2006}
}
@article{han2009bottom,
  title={Bottom-up/top-down image parsing with attribute grammar},
  author={Han, Feng and Zhu, Song-Chun},
  journal={Pattern Analysis and Machine Intelligence, IEEE Transactions on},
  volume={31},
  number={1},
  pages={59-73},
  year={2009},
  publisher={IEEE}
}

@article{wu2011numerical,
  title={A numerical study of the bottom-up and top-down inference processes in and-or graphs},
  author={Wu, Tianfu and Zhu, Song-Chun},
  journal={International journal of computer vision},
  volume={93},
  number={2},
  pages={226-252},
  year={2011},
  publisher={Springer}
}

% petri net knowledge representation and reasoning
@article{ribaric2012model,
  title={A model of fuzzy spatio-temporal knowledge representation and reasoning based on high-level Petri nets},
  author={Ribaric, Slobodan and Hrkac, Tomislav},
  journal={Information systems},
  volume={37},
  number={3},
  pages={238--256},
  year={2012},
  publisher={Elsevier}
}
% spatial logic
@article{Hudelot2008fuzzy,
  title={Fuzzy spatial relation ontology for image interpretation},
  author={Hudelot, C{\'e}line and Atif, Jamal and Bloch, Isabelle},
  journal={Fuzzy Sets and Systems},
  volume={159},
  number={15},
  pages={1929-1951},
  year={2008},
  publisher={Elsevier}
}

@inproceedings{hudelot2008spatial,
  title={A spatial relation ontology using mathematical morphology and description logics for spatial reasoning},
  author={Hudelot, C{\'e}line and Atif, Jamal and Bloch, I},
  booktitle={ECAI 2008 Workshop on Spatial and Temporal Reasoning, Patras, Greece},
  pages={21-25},
  year={2008}
}

% description logic
@article{horrocks1999description,
  title={A description logic with transitive and inverse roles and role hierarchies},
  author={Horrocks, Ian and Sattler, Ulrike},
  journal={Journal of logic and computation},
  volume={9},
  number={3},
  pages={385--410},
  year={1999},
  publisher={Oxford Univ Press}
}
% tableaux method
@article{nguyen2009efficient,
  title={An efficient tableau prover using global caching for the description logic ALC},
  author={Nguyen, Linh Anh},
  journal={Fundamenta Informaticae},
  volume={93},
  number={1},
  pages={273--288},
  year={2009},
  publisher={IOS Press}
}

@incollection{gore2007exptime,
  title={EXPTIME tableaux with global caching for description logics with transitive roles, inverse roles and role hierarchies},
  author={Gor{\'e}, Rajeev and Nguyen, Linh Anh},
  booktitle={Automated Reasoning with Analytic Tableaux and Related Methods},
  pages={133--148},
  year={2007},
  publisher={Springer}
}
% abductive reasoning
@Proceedings{halland2014tbox,
 title = {TBox abduction in \mathcal{ALC} using a DL tableau},
 author= {Ken Halland, Arina Britz, Szymon Klarman}
 year = {2014},
 pages={556-566}
}

@incollection{gries2010probabilistic,
  title={A probabilistic abduction engine for media interpretation based on ontologies},
  author={Gries, Oliver and M{\"o}ller, Ralf and Nafissi, Anahita and Rosenfeld, Maurice and Sokolski, Kamil and Wessel, Michael},
  booktitle={Web Reasoning and Rule Systems},
  pages={182--194},
  year={2010},
  publisher={Springer}
}

@incollection{du2014tractable,
  title={A Tractable Approach to ABox Abduction over Description Logic Ontologies.},
  author={Jianfeng Du, Kewen Wang and Yi-Dong Shen.},
  booktitle={28th AAAI Conference on Artificial Intelligence (AAAI-14)},
  pages={1034-1040},
  year={2014},
  publisher={Springer}
}
% qsr
@article{chen2013survey,
     author = {Chen,Juan and Cohn,Anthony G. and Liu,Dayou and Wang,Shengsheng and Ouyang,Jihong and Yu,Qiangyuan},
     title = {A survey of qualitative spatial representations},
     journal = {The Knowledge Engineering Review},
     volume = {FirstView},
     month = {10},
     year = {2013},
     issn = {1469-8005},
     pages = {1--31},
     numpages = {31},
     doi = {"10.1017/S0269888913000350"},
     URL = {"http://journals.cambridge.org/article_S0269888913000350"},
     leeds = {true},
     webnote = {[pdf ]}
}

@inbook{santos2012region,
     title = {A Region-Based Ontology of the Brain Ventricular System and Its Relation to Schizophrenia},
     author = { Paulo Santos and Rodolpho Freire and Danilo N. dos Santos and Carlos Thomaz and Paulo Sallet and Mario Louza and Anthony G Cohn},
     chapter = {Chapter 7},
     booktitle = { Qualitative Spatio-temporal Representation and Reasoning: Trends and Future Directions},
     editor = {S M Hazarika},
     pages = {256-273},
     publisher = {IGI Global},
     year = {2012},
     leeds_file = {hazarika-santos.pdf}
}
